<?xml version="1.0" encoding="UTF-8"?><collection xmlns="http://www.loc.gov/MARC21/slim"><record><leader>00498nam--2200181-u-4500</leader><controlfield tag="001">000055886</controlfield><controlfield tag="002">20161230</controlfield><controlfield tag="005">20161230201052</controlfield><controlfield tag="008">130813s1000------------r-----000-0-fre-d</controlfield><datafield ind1=" " ind2=" " tag="040"><subfield code="a">IFIN-HH</subfield></datafield><datafield ind1=" " ind2=" " tag="041"><subfield code="a">fre</subfield></datafield><datafield ind1=" " ind2=" " tag="080"><subfield code="a">519.642(043)</subfield></datafield><datafield ind1="1" ind2=" " tag="100"><subfield code="a">Grandjean, Marie</subfield></datafield><datafield ind1="1" ind2="0" tag="245"><subfield code="a">Application de la methode cn aux problemes a loi de diffusion anisotrope</subfield><subfield code="b">These</subfield><subfield code="c">Marie grandjean</subfield></datafield><datafield ind1=" " ind2=" " tag="260"><subfield code="a">Paris</subfield><subfield code="b">Univeriste</subfield><subfield code="c">1977</subfield></datafield><datafield ind1=" " ind2=" " tag="300"><subfield code="a">119P</subfield></datafield><datafield ind1=" " ind2=" " tag="852"><subfield code="a">46851</subfield><subfield code="c">519.4/5</subfield></datafield><datafield ind1=" " ind2=" " tag="CAT"><subfield code="a">Sys</subfield><subfield code="c">20130813</subfield><subfield code="h">180238</subfield></datafield></record></collection>